<?xml version="1.0" encoding="UTF-8"?><collection xmlns="http://www.loc.gov/MARC21/slim"><record><leader>00374nam--2200121-i-4500</leader><controlfield tag="001">000031409</controlfield><controlfield tag="002">20161230</controlfield><controlfield tag="005">20161230201038</controlfield><controlfield tag="008">060222s1000------------r-----000-0-eng-d</controlfield><datafield ind1=" " ind2=" " tag="080"><subfield code="a">5:016:6(016)</subfield></datafield><datafield ind1=" " ind2=" " tag="245"><subfield code="a">Mcgraw-hill yearbook of science and technology.annual review of scientific developments, 1962</subfield></datafield><datafield ind1=" " ind2=" " tag="260"><subfield code="a">New York, Mcgraw-hill Book Co,.Inc., 1962. 558p</subfield></datafield><datafield ind1=" " ind2=" " tag="852"><subfield code="a">18068</subfield></datafield></record></collection>